<?xml version="1.0" encoding="UTF-8"?><collection xmlns="http://www.loc.gov/MARC21/slim"><record><leader>00408nam--2200145-i-4500</leader><controlfield tag="001">000047232</controlfield><controlfield tag="002">20161230</controlfield><controlfield tag="005">20161230201046</controlfield><controlfield tag="008">060222s1000------------r-----000-0-eng-d</controlfield><datafield ind1=" " ind2=" " tag="080"><subfield code="a">519.283:519.2</subfield></datafield><datafield ind1=" " ind2=" " tag="100"><subfield code="a">Weiss, Lionel</subfield></datafield><datafield ind1=" " ind2=" " tag="245"><subfield code="a">Statistical decision theory</subfield></datafield><datafield ind1=" " ind2=" " tag="260"><subfield code="a">New York, Mcgraw-hill Book Co.Inc., 1961, Viii+195p</subfield></datafield><datafield ind1=" " ind2=" " tag="490"><subfield code="a">Mcgraw-hill Series In Probebility And Statistics</subfield></datafield><datafield ind1=" " ind2=" " tag="852"><subfield code="a">17505</subfield></datafield></record></collection>